<?xml version="1.0" encoding="UTF-8"?><record xmlns="http://www.loc.gov/MARC21/slim" xmlns:cinclude="http://apache.org/cocoon/include/1.0" xmlns:zs="http://www.loc.gov/zing/srw/">
  <leader>00558cz  a2200157n  4500</leader>
  <controlfield tag="001">n  82250977 </controlfield>
  <controlfield tag="003">DLC</controlfield>
  <controlfield tag="005">20081207075240.0</controlfield>
  <controlfield tag="008">840131n| acannaabn          |a aaa      </controlfield>
  <datafield tag="010" ind1=" " ind2=" ">
    <subfield code="a">n  82250977 </subfield>
  </datafield>
  <datafield tag="035" ind1=" " ind2=" ">
    <subfield code="a">(OCoLC)oca00892544</subfield>
  </datafield>
  <datafield tag="040" ind1=" " ind2=" ">
    <subfield code="a">DLC</subfield>
    <subfield code="b">eng</subfield>
    <subfield code="c">DLC</subfield>
    <subfield code="d">OCoLC</subfield>
  </datafield>
  <datafield tag="100" ind1="1" ind2=" ">
    <subfield code="a">Fearing, Daniel B.</subfield>
    <subfield code="q">(Daniel Butler),</subfield>
    <subfield code="d">1859-1918</subfield>
  </datafield>
  <datafield tag="400" ind1="1" ind2=" ">
    <subfield code="w">nna</subfield>
    <subfield code="a">Fearing, Daniel Butler,</subfield>
    <subfield code="d">1859-1918</subfield>
  </datafield>
  <datafield tag="670" ind1=" " ind2=" ">
    <subfield code="a">His A list of angling book-plates, 1916:</subfield>
    <subfield code="b">t.p. (Daniel B. Fearing)</subfield>
  </datafield>
  <datafield tag="670" ind1=" " ind2=" ">
    <subfield code="a">LC manual auth. cd.</subfield>
    <subfield code="b">(hdg.: Fearing, Daniel Butler, 1859-1918; usage: Daniel B. Fearing)</subfield>
  </datafield>
</record>